[gd_scene load_steps=28 format=2]

[ext_resource path="res://scripts/ui_overlay.gd" type="Script" id=1]
[ext_resource path="res://assets/Zungkayu.theme" type="Theme" id=2]
[ext_resource path="res://scripts/osc_sender_serialiser.gd" type="Script" id=3]
[ext_resource path="res://scripts/osc_menthol.gd" type="Script" id=4]
[ext_resource path="res://scripts/cam_ctrl.gd" type="Script" id=5]
[ext_resource path="res://scripts/bcf.gd" type="Script" id=6]
[ext_resource path="res://env/default_env_flat.tres" type="Environment" id=7]
[ext_resource path="res://skins/arm.ssm" type="SkinMesh" id=8]
[ext_resource path="res://scripts/ligament_ctrl.gd" type="Script" id=9]
[ext_resource path="res://skins/Inch_Salt_SWP210DWSS_LIGHT.ssm" type="SkinMesh" id=10]

[sub_resource type="SpatialMaterial" id=1]

albedo_color = Color( 0.180392, 0.184314, 0.164706, 1 )
roughness = 0.82

[sub_resource type="PlaneMesh" id=2]


[sub_resource type="SkinCache" id=3]


[sub_resource type="SkinProxy" id=4]

cache = SubResource( 3 )
skin = ExtResource( 8 )

[sub_resource type="SpatialMaterial" id=5]

flags_transparent = true
params_cull_mode = 1
albedo_color = Color( 0, 0, 0, 0.290196 )

[sub_resource type="SpatialMaterial" id=6]

next_pass = SubResource( 5 )
uv1_scale = Vector3( -1, 1, 1 )

[sub_resource type="SpatialMaterial" id=7]

flags_transparent = true
flags_unshaded = true
albedo_color = Color( 1, 1, 1, 0.0588235 )

[sub_resource type="SpatialMaterial" id=8]

flags_unshaded = true
albedo_color = Color( 0, 0, 0, 1 )

[sub_resource type="SpatialMaterial" id=9]

flags_unshaded = true
flags_no_depth_test = true
albedo_color = Color( 0, 1, 1, 1 )

[sub_resource type="CubeMesh" id=10]


[sub_resource type="SkinCache" id=11]


[sub_resource type="SkinProxy" id=12]

cache = SubResource( 11 )
skin = ExtResource( 10 )

[sub_resource type="SpatialMaterial" id=13]

albedo_color = Color( 0, 0, 1, 1 )

[sub_resource type="SpatialMaterial" id=14]

flags_transparent = true
albedo_color = Color( 1, 1, 1, 0.05 )

[sub_resource type="SpatialMaterial" id=15]

flags_transparent = true
albedo_color = Color( 1, 1, 1, 0.3 )

[sub_resource type="SpatialMaterial" id=16]

flags_unshaded = true
flags_no_depth_test = true
albedo_color = Color( 0, 1, 1, 1 )

[sub_resource type="CubeMesh" id=17]


[node name="root" type="Spatial"]

[node name="ui" type="Node2D" parent="."]
editor/display_folded = true
script = ExtResource( 1 )
trans_speed = 1.0
rot_speed = 75.0
fov_speed = 25.0
root_node = "../../root"

[node name="tmpl" type="Label" parent="ui"]
visible = false
margin_right = 84.0
margin_bottom = 22.0
theme = ExtResource( 2 )
custom_colors/font_color = Color( 1, 1, 1, 0.6 )
text = "MAIN MENU"

[node name="menu" type="Node2D" parent="ui"]
visible = false
position = Vector2( 50, 328.5 )

[node name="submenu" type="Node2D" parent="ui"]
visible = false

[node name="marker" type="Polygon2D" parent="ui"]
visible = false
position = Vector2( 0, -118 )
scale = Vector2( 40, 1 )
color = Color( 1, 1, 1, 0.580392 )
polygon = PoolVector2Array( 0, -0.5, 1, -0.5, 1, 0.5, 0, 0.5 )

[node name="osc_yac" type="OSCsender" parent="."]
ip = "10.10.1.3"
port = 7777
script = ExtResource( 3 )
send_methol = true

[node name="osc_tom" type="OSCsender" parent="."]
ip = "10.10.1.4"
port = 15000
script = ExtResource( 3 )
send_gamepad = true
send_distances = true

[node name="osc_fz" type="OSCsender" parent="."]
port = 15000
autostart = false
script = ExtResource( 3 )
send_methol = true
send_gamepad = true
send_distances = true

[node name="osc_in" type="OSCreceiver" parent="."]
emit_signal = false
script = ExtResource( 4 )
group_conf_0 = "arm#dot#external#pressure#/audio/0"
group_conf_1 = "arm#dot#internal#pressure#/audio/1"
group_conf_2 = "arm#dot#muscle#pressure#/audio/2"
group_conf_3 = "inch_salt#dot#bottom_U#pressure#/audio/3"
group_conf_4 = "inch_salt#dot#fan#pressure#/audio/0"
group_conf_5 = "inch_salt#dot#central_region#pressure#/audio/1"
group_conf_6 = "inch_salt#dot#godet_dot#pressure#/audio/2"
group_conf_7 = ""

[node name="cam_ctrl" type="Node" parent="."]
script = ExtResource( 5 )
damp = 0.818

[node name="bcf" type="Node" parent="."]
script = ExtResource( 6 )

[node name="cam" type="Camera" parent="."]
transform = Transform( -4.37114e-08, 0, -1, 0, 1, 0, 1, 0, -4.37114e-08, -7.61527, 0, 0 )
fov = 35.0

[node name="cam_lookat" type="MeshInstance" parent="."]

[node name="env" type="WorldEnvironment" parent="."]
environment = ExtResource( 7 )

[node name="sun" type="SpotLight" parent="."]
transform = Transform( 1.98474, 10.0921, -7.81352, -12.1866, 3.84848, 1.8752, 3.79315, 7.08375, 10.113, 3.02449, 9.67585, 4.81022 )
shadow_enabled = true
spot_range = 23.8204

[node name="floor" type="MeshInstance" parent="."]
transform = Transform( 50, 0, 0, 0, 1, 0, 0, 0, 50, 0, -3.43326, 0 )
visible = false
material_override = SubResource( 1 )
mesh = SubResource( 2 )
material/0 = null

[node name="pt" type="OmniLight" parent="."]
transform = Transform( 1, 0, 0, 0, 1, 0, 0, 0, 1, -1.97541, -1.38431, -2.11285 )
layers = 2
light_energy = 0.5
light_indirect_energy = 0.0
light_cull_mask = -2
shadow_enabled = true
omni_range = 6.23181

[node name="arm" type="Skin" parent="."]
proxy = SubResource( 4 )
material = SubResource( 6 )
normals_material = SubResource( 7 )
wireframe_material = SubResource( 8 )
display_ligaments = true
display_normals = true
display_edges = true
groups/muscle/name = "muscle"
groups/muscle/size = 996
groups/muscle/type = "sf_DOT"
groups/muscle/dot_damping = 0.51799
groups/muscle/dot_pressure = 0.02158
groups/external/name = "external"
groups/external/size = 516
groups/external/type = "sf_DOT"
groups/external/dot_damping = 1.0
groups/external/dot_pressure = 0.0
groups/internal/name = "internal"
groups/internal/size = 540
groups/internal/type = "sf_DOT"
groups/internal/dot_damping = 1.0
groups/internal/dot_pressure = 0.0
groups/tip/name = "tip"
groups/tip/size = 84
groups/tip/type = "sf_LIGAMENT"
groups/tip/stiffness = 1.0
groups/tip/shrink = 1.0
groups/middle/name = "middle"
groups/middle/size = 144
groups/middle/type = "sf_LIGAMENT"
groups/middle/stiffness = 1.0
groups/middle/shrink = 1.0
groups/base/name = "base"
groups/base/size = 96
groups/base/type = "sf_LIGAMENT"
groups/base/stiffness = 1.0
groups/base/shrink = 1.0
groups/skin/name = "skin"
groups/skin/size = 3356
groups/skin/type = "sf_FIBER"
groups/skin/stiffness = 0.85612
groups/skin/shrink = 1.0

[node name="arm_ctlrs" type="Spatial" parent="."]
editor/display_folded = true

[node name="base" type="Spatial" parent="arm_ctlrs"]
transform = Transform( 1, 0, 0, 0, 1, 0, 0, 0, 1, -3.03478, 0, 0 )
script = ExtResource( 9 )
enable_parenting = true
obj = "../../arm"
group = "base"

[node name="dot" type="MeshInstance" parent="arm_ctlrs/base"]
transform = Transform( 0.01, 0, 0, 0, 0.01, 0, 0, 0, 0.01, 0, 0, 0 )
visible = false
material_override = SubResource( 9 )
mesh = SubResource( 10 )
material/0 = null

[node name="mid" type="Spatial" parent="arm_ctlrs/base"]
transform = Transform( 1, 0, 0, 0, 1, 0, 0, 0, 1, 1.71848, -1.78814e-07, 0 )
script = ExtResource( 9 )
enable_parenting = true
obj = "../../../arm"
group = "middle"

[node name="dot" type="MeshInstance" parent="arm_ctlrs/base/mid"]
transform = Transform( 0.01, 0, 0, 0, 0.01, 0, 0, 0, 0.01, 0, 0, 0 )
visible = false
material_override = SubResource( 9 )
mesh = SubResource( 10 )
material/0 = null

[node name="tip" type="Spatial" parent="arm_ctlrs/base/mid"]
transform = Transform( 1, 0, 0, 0, 1, 0, 0, 0, 1, 2.45451, -2.38419e-07, 5.96046e-07 )
script = ExtResource( 9 )
enable_parenting = true
obj = "../../../../arm"
group = "tip"

[node name="dot" type="MeshInstance" parent="arm_ctlrs/base/mid/tip"]
transform = Transform( 0.01, 0, 0, 0, 0.01, 0, 0, 0, 0.01, 0, 0, 0 )
visible = false
material_override = SubResource( 9 )
mesh = SubResource( 10 )
material/0 = null

[node name="inch_salt" type="Skin" parent="."]
proxy = SubResource( 12 )
material = SubResource( 13 )
normals_material = SubResource( 14 )
wireframe_material = SubResource( 15 )
display_ligaments = true
display_normals = true
display_edges = true
groups/all/name = "all"
groups/all/size = 339
groups/all/type = "sf_LIGAMENT"
groups/all/stiffness = 1.0
groups/all/shrink = 1.0
groups/top_box/name = "top_box"
groups/top_box/size = 36
groups/top_box/type = "sf_LIGAMENT"
groups/top_box/stiffness = 1.0
groups/top_box/shrink = 1.0
groups/chair/name = "chair"
groups/chair/size = 15
groups/chair/type = "sf_LIGAMENT"
groups/chair/stiffness = 1.0
groups/chair/shrink = 1.0
groups/lego_brick/name = "lego_brick"
groups/lego_brick/size = 28
groups/lego_brick/type = "sf_LIGAMENT"
groups/lego_brick/stiffness = 1.0
groups/lego_brick/shrink = 1.0
groups/godet/name = "godet"
groups/godet/size = 100
groups/godet/type = "sf_LIGAMENT"
groups/godet/stiffness = 1.0
groups/godet/shrink = 1.0
groups/collar/name = "collar"
groups/collar/size = 73
groups/collar/type = "sf_LIGAMENT"
groups/collar/stiffness = 1.0
groups/collar/shrink = 1.0
groups/bottom/name = "bottom"
groups/bottom/size = 48
groups/bottom/type = "sf_LIGAMENT"
groups/bottom/stiffness = 1.0
groups/bottom/shrink = 1.0
groups/external/name = "external"
groups/external/size = 1529
groups/external/type = "sf_DOT"
groups/external/dot_damping = 1.0
groups/external/dot_pressure = 0.0
groups/godet_dot/name = "godet_dot"
groups/godet_dot/size = 514
groups/godet_dot/type = "sf_DOT"
groups/godet_dot/dot_damping = 1.0
groups/godet_dot/dot_pressure = 0.0
groups/bottom_U/name = "bottom_U"
groups/bottom_U/size = 117
groups/bottom_U/type = "sf_DOT"
groups/bottom_U/dot_damping = 1.0
groups/bottom_U/dot_pressure = 0.0
groups/fan/name = "fan"
groups/fan/size = 315
groups/fan/type = "sf_DOT"
groups/fan/dot_damping = 1.0
groups/fan/dot_pressure = 0.0
groups/central_region/name = "central_region"
groups/central_region/size = 249
groups/central_region/type = "sf_DOT"
groups/central_region/dot_damping = 1.0
groups/central_region/dot_pressure = 0.0
groups/plateau_fib/name = "plateau_fib"
groups/plateau_fib/size = 19
groups/plateau_fib/type = "sf_FIBER"
groups/plateau_fib/stiffness = 1.0
groups/plateau_fib/shrink = 1.0
groups/plateau_lig/name = "plateau_lig"
groups/plateau_lig/size = 39
groups/plateau_lig/type = "sf_LIGAMENT"
groups/plateau_lig/stiffness = 1.0
groups/plateau_lig/shrink = 1.0

[node name="inch_ctlrs" type="Spatial" parent="."]
editor/display_folded = true

[node name="top_box" type="Spatial" parent="inch_ctlrs"]
editor/display_folded = true
transform = Transform( 1, 0, 0, 0, 1, 0, 0, 0, 1, -0.668155, 1.512, 0.922588 )
script = ExtResource( 9 )
enable_parenting = true
obj = "../../inch_salt"
group = "top_box"

[node name="dot" type="MeshInstance" parent="inch_ctlrs/top_box"]
transform = Transform( 0.01, 0, 0, 0, 0.01, 0, 0, 0, 0.01, 0, 0, 0 )
visible = false
material_override = SubResource( 16 )
mesh = SubResource( 17 )
material/0 = null

[node name="chair" type="Spatial" parent="inch_ctlrs"]
editor/display_folded = true
transform = Transform( 1, 0, 0, 0, 1, 0, 0, 0, 1, -0.654982, 0.341113, 1.08879 )
script = ExtResource( 9 )
enable_parenting = true
obj = "../../inch_salt"
group = "chair"

[node name="dot" type="MeshInstance" parent="inch_ctlrs/chair"]
transform = Transform( 0.01, 0, 0, 0, 0.01, 0, 0, 0, 0.01, 0, 0, 0 )
visible = false
material_override = SubResource( 16 )
mesh = SubResource( 17 )
material/0 = null

[node name="lego" type="Spatial" parent="inch_ctlrs"]
editor/display_folded = true
transform = Transform( 1, 0, 0, 0, 1, 0, 0, 0, 1, 0.0902594, 0.372633, 0.396727 )
script = ExtResource( 9 )
enable_parenting = true
obj = "../../inch_salt"
group = "lego_brick"

[node name="dot" type="MeshInstance" parent="inch_ctlrs/lego"]
transform = Transform( 0.01, 0, 0, 0, 0.01, 0, 0, 0, 0.01, 0, 0, 0 )
visible = false
material_override = SubResource( 16 )
mesh = SubResource( 17 )
material/0 = null

[node name="godet" type="Spatial" parent="inch_ctlrs"]
editor/display_folded = true
transform = Transform( 1, 0, 0, 0, 1, 0, 0, 0, 1, 1.32581, -0.349129, -0.44397 )
script = ExtResource( 9 )
enable_parenting = true
obj = "../../inch_salt"
group = "godet"

[node name="dot" type="MeshInstance" parent="inch_ctlrs/godet"]
transform = Transform( 0.01, 0, 0, 0, 0.01, 0, 0, 0, 0.01, 0, 0, 0 )
visible = false
material_override = SubResource( 16 )
mesh = SubResource( 17 )
material/0 = null

[node name="collar" type="Spatial" parent="inch_ctlrs"]
editor/display_folded = true
transform = Transform( 1, 0, 0, 0, 1, 0, 0, 0, 1, 0.0758448, -0.656356, -1.20481 )
script = ExtResource( 9 )
enable_parenting = true
obj = "../../inch_salt"
group = "collar"

[node name="dot" type="MeshInstance" parent="inch_ctlrs/collar"]
transform = Transform( 0.01, 0, 0, 0, 0.01, 0, 0, 0, 0.01, 0, 0, 0 )
visible = false
material_override = SubResource( 16 )
mesh = SubResource( 17 )
material/0 = null

[node name="bottom" type="Spatial" parent="inch_ctlrs"]
editor/display_folded = true
transform = Transform( 1, 0, 0, 0, 1, 0, 0, 0, 1, 0.10945, -2.09667, -0.685573 )
script = ExtResource( 9 )
enable_parenting = true
obj = "../../inch_salt"
group = "bottom"

[node name="dot" type="MeshInstance" parent="inch_ctlrs/bottom"]
transform = Transform( 0.01, 0, 0, 0, 0.01, 0, 0, 0, 0.01, 0, 0, 0 )
visible = false
material_override = SubResource( 16 )
mesh = SubResource( 17 )
material/0 = null

[node name="plateau_lig" type="Spatial" parent="inch_ctlrs"]
editor/display_folded = true
transform = Transform( 1, 0, 0, 0, 1, 0, 0, 0, 1, 1.13384, -0.311331, -1.41533 )
script = ExtResource( 9 )
enable_parenting = true
obj = "../../inch_salt"
group = "plateau_lig"

[node name="dot" type="MeshInstance" parent="inch_ctlrs/plateau_lig"]
transform = Transform( 0.01, 0, 0, 0, 0.01, 0, 0, 0, 0.01, 0, 0, 0 )
visible = false
material_override = SubResource( 16 )
mesh = SubResource( 17 )
material/0 = null

